%@article{Reference1,
    %Abstract = {,},
	%Author = {.},
	%Journal = {.},
	%Month = {.},
	%Number = {.},
	%Pages = {.},
	%Title = {.},
	%Volume = {.},
	%Url = {https://en.wikipedia.org/wiki/Edge_computing},
	%Year = {.}}


@article{Reference2,
	Pages = {Global Conference of Internet of Things},
	Url = {https://gciot.org/}}


@article{Reference3,
	Title = {Cloud Expo Europe},
	Url = {https://www.cloudexpoeurope.com/}}

	
@article{Reference4,
	Title = {KubeCon Europe},
	Url = { https://events.linuxfoundation.org/events/kubecon-cloudnativecon-europe-2018/}}
	
	
@article{Reference5,
	Title = {DockerCon},
	Url = { https://2018.dockercon.com/about/}}	

@article{Reference6,
	Title = {Cloud and DevOps World},
	Url = {https://tmt.knect365.com/cloud-devops-world/}}
	
	
@article{Reference7,
	Abstract = {},
	Author = {},
	Journal = {Future Generation Computer Systems},
	Keywords = {},
	Month = {December},
	Number = {},
	Numpages = {201-212},
	Pages = {},
	Title = {Commodity single board computer clusters and their applications},
	Volume = {89},
	Url = {https://ac-els-cdn-com.cit.idm.oclc.org/S0167739X18301833/1-s2.0-S0167739X18301833-main.pdf?_tid=ea5b0214-4be3-4847-87be-3fc5c279f254&acdnat=1540834690_7c64b8c284a1931fa04d574fb5d871df},
	Year = {}}	
	
	
@article{Reference8,
	Abstract = {},
	Author = {Jorge Salamero Sanz, Eric Carter, Knox Anderson},
	Journal = {Running Containers in Production},
	Keywords = {},
	Month = {September},
	Number = {},
	Numpages = {},
	Pages = {},
	Title = {Running Containers in Production},
	Volume = {},
	Url = {https://www.bitpipe.com/detail/RES/1537283135_30.html},
	Year = {2018}}		
	
	
@article{Reference9,
	Abstract = {},
	Author = {James Turnbull},
	Keywords = {},
	Month = {August},
	Number = {},
	Numpages = {},
	Pages = {280},
	Title = {The Docker Book},
	Volume = {},
	Url = {https://dockerbook.com/},
	Year = {2014}}	
	
	
@article{Reference10,
    Title = {Container Solutions},
    Url = {https://container-solutions.com/blog/}}
    

@article{Reference11,
    Author = {James Quigley},
    Title = {Introduction to Microservices, Docker and Kubernetes},
    Url = {https://youtu.be/1xo-0gCVhTU},
    Year = {2017}}
    
@article{Reference12,
    Author = {nmBotTronics},
    Title = {Raspberry Pi Arduino Communication : Pi receives Data from Arduino over USB Connection},
    Url = {https://youtu.be/YYAsh7HUNNQ},
    Year = {2016}}
    
@article{Reference13,
    Title = {LoverPi},
    Url = {https://www.loverpi.com/blogs/news}}
    
    
@article{Reference14,
    Title = {DegeeU},
    Author = {DJ Speiss},
    Url = {https://youtu.be/PY9xSykods4},
    Url = {https://www.youtube.com/channel/UCBy9lNSc8YxE0ggzVQCby2g}}
    
@article{Reference15,
    Abstract = {paradigm in which computation is largely or completely performed on distributed device nodes known as smart devices or edge devices as opposed to primarily taking place in a centralized cloud environment},
	Author = {Wikimedia Foundation},
	Journal = {Wikipedia},
	Month = {Nov},
	Number = {},
	Pages = {},
	Title = {Edge Computing},
	Volume = {},
	Url = {https://en.wikipedia.org/wiki/Edge_computing},
	Year = {2018}}
	
@article{Reference16,
    Abstract = {the theory, experimentation, and engineering that form the basis for the design and use of computers},
	Author = {Wikimedia Foundation},
	Journal = {Wikipedia},
	Month = {},
	Number = {},
	Pages = {},
	Title = {Computer Science},
	Volume = {},
	Url = {https://en.wikipedia.org/wiki/Computer_science#Areas_of_computer_science},
	Year = {2018}}

@article{Reference17,
    Abstract = {single circuit board, with microprocessor(s), memory, input/output (I/O) and other features required of a functional compute},
	Author = {Wikimedia Foundation},
	Journal = {Wikipedia},
	Month = {},
	Number = {},
	Pages = {},
	Title = {Single Board Computers},
	Volume = {},
	Url = {https://en.wikipedia.org/wiki/Single-board_computer},
	Year = {2018}}
	
@article{Reference18,
    Abstract = {image},
	Author = {Raspberry Pi},
	Journal = {},
	Month = {},
	Number = {},
	Pages = {},
	Title = {Raspberry Pi 2 Model},
	Volume = {},
	Url = {https://www.raspberrypi.org/products/raspberry-pi-2-model-b/},
	Year = {}}
	

@article{Reference19,
    Abstract = {image},
	Author = {Arduino},
	Journal = {},
	Month = {},
	Number = {},
	Pages = {},
	Title = {Arduino Uno Rev3},
	Volume = {},
	Url = {https://store.arduino.cc/arduino-uno-rev3},
	Year = {}}
	